<?xml version="1.0" encoding="UTF-8"?><collection xmlns="http://www.loc.gov/MARC21/slim"><record><leader>00638nam--2200205-i-4500</leader><controlfield tag="001">000038498</controlfield><controlfield tag="002">20161230</controlfield><controlfield tag="005">20161230201041</controlfield><controlfield tag="008">060222s1000------------r-----000-0-eng-d</controlfield><datafield ind1=" " ind2=" " tag="020"><subfield code="a">1859960715</subfield></datafield><datafield ind1=" " ind2=" " tag="040"><subfield code="a">IFIN-HH</subfield></datafield><datafield ind1=" " ind2=" " tag="080"><subfield code="a">531.7.81(06)</subfield></datafield><datafield ind1="1" ind2=" " tag="100"><subfield code="a">Howard, C.V</subfield></datafield><datafield ind1="1" ind2="0" tag="245"><subfield code="a">Unbiased stereology three dimensional measurement in microscopy</subfield><subfield code="b">Microscopy handbooks 41</subfield><subfield code="c">C.v. howard, m.g. reed</subfield></datafield><datafield ind1=" " ind2=" " tag="260"><subfield code="a">Oxford</subfield><subfield code="b">Bios Scientific Publishing Limited</subfield><subfield code="c">1998</subfield></datafield><datafield ind1=" " ind2=" " tag="300"><subfield code="a">246P</subfield></datafield><datafield ind1=" " ind2=" " tag="490"><subfield code="a">Royal Microscopical Society Microscopy Handbooks 41</subfield></datafield><datafield ind1="1" ind2=" " tag="700"><subfield code="a">Reed, M.G</subfield></datafield><datafield ind1=" " ind2=" " tag="852"><subfield code="a">81205</subfield><subfield code="c">537.533.35</subfield></datafield><datafield ind1=" " ind2=" " tag="CAT"><subfield code="a">Sys</subfield><subfield code="c">20110916</subfield><subfield code="h">102900</subfield></datafield></record></collection>